@article{Callahan2016,
  author = {Callahan, B.J. and McMurdie, P.G. and Rosen, M.J. and Han, A.W. and Johnson, A.J.A. and Holmes, S.P.},
  title = {{DADA2}: High-resolution sample inference from Illumina amplicon data},
  journal = {Nature Methods},
  volume = {13},
  pages = {581-583},
  year = {2016},
  doi = {10.1038/nmeth.3869}
}
@book{Legendre2012,
  author = {Legendre, Pierre and Legendre, Louis},
  title = {Numerical ecology},
  year = {2012},
  publisher = {Elsevier},
  address = {Amsterdam},
  isbn = {0-444-89249-4}
}
@article{Love2014,
    author = {Love, Michael I. and Huber, Wolfgang and Anders, Simon},
    journal = {Genome Biology},
    title = {Moderated estimation of fold change and dispersion for {RNA}-seq data with {DESeq2}},
    year = {2014},
    volume = {15},
    pages = {550},
    doi = {https://doi.org/10.1186/s13059-014-0550-8}
}
@article{Song2016,
  author = {Song, Y. and Schreier, P.J. and Ram√≠rez, D. and Hasija, T.},
  title = {Canonical correlation analysis of high-dimensional data with very small sample support},
  year = {2016},
  journal = {Signal Processing},
  volume = {128},
  pages = {449-458},
  doi = {10.1016/j.sigpro.2016.05.020}
}
@article{Blanchet2008,
  author = {Blanchet, F.G. and Legendre, P. and Borcard, D.},
  title = {Forward selection of explanatory variables},
  year = {2008},
  journal = {Ecology},
  volume = {89},
  number = {9},
  pages = {2623-2632},
  doi = {10.1890/07-0986.1}
}