@article{Blanchet2008,
  author = {Blanchet, F.G. and Legendre, P. and Borcard, D.},
  title = {Forward selection of explanatory variables},
  year = {2008},
  journal = {Ecology},
  volume = {89},
  number = {9},
  pages = {2623-2632},
  doi = {10.1890/07-0986.1}
}
