@article{Callahan2016,
   title={Bioconductor Workflow for Microbiome Data Analysis: from raw reads to community analyses},
   note={[version 2; peer review: 3 approved]},
   author={Callahan, B.J. and Sankaran, K. and Fukuyama, J.A. and McMurdie, P.J. and Holmes, S.P.},
   journal={F1000Research},
   year={2016},
   volume={5},
   pages={1492},
   doi={https://doi.org/10.12688/f1000research.8986.2}
}
@article{McMurdie2013,
   title={phyloseq: An {R} Package for Reproducible Interactive Analysis and Graphics of Microbiome Census Data},
   author={McMurdie, P.J. and Holmes, Susan},
   journal={PLoS ONE},
   year={2013},
   volume={8},
   number={4},
   pages={e61217},
   doi={https://doi.org/10.1371/journal.pone.0061217}
}
