@book{Legendre2012,
  author = {Legendre, Pierre and Legendre, Louis},
  title = {Numerical ecology},
  year = {2012},
  publisher = {Elsevier},
  address = {Amsterdam},
  isbn = {0-444-89249-4}
}
@article{Legendre2001,
  author = {Legendre, Pierre and Gallagher, Eugene D.},
  title = {Ecologically meaningful transformations for ordination of species data},
  journal = {Oecologia},
  year = {2001},
  volume = {129},
  pages = {271-280},
  doi = {10.1007/s004420100716}
}

@article{Pezeshki2004,

}
