@Book{Wickham2016,
  author = {Hadley Wickham},
  title = {ggplot2: Elegant Graphics for Data Analysis},
  publisher = {Springer-Verlag New York},
  year = {2016},
  isbn = {978-3-319-24277-4},
  url = {https://ggplot2.tidyverse.org},
}
@Article{McMurdie2013,
  author = {Paul J. McMurdie and Susan Holmes},
  journal = {PLoS ONE},
  pages = {e61217},
  title = {phyloseq: An R package for reproducible interactive analysis and graphics of microbiome census data},
  volume = {8},
  number = {4},
  year = {2013},
  url = {http://dx.plos.org/10.1371/journal.pone.0061217}
}
@Article{Paradis2018,
  title = {ape 5.0: an environment for modern phylogenetics and evolutionary analyses in {R}},
  author = {E. Paradis and K. Schliep},
  journal = {Bioinformatics},
  year = {2018},
  volume = {35},
  pages = {526-528}
}
@Article{Yu2017,
  title = {ggtree: an R package for visualization and annotation of phylogenetic trees with their covariates and other associated data.},
  author = {Guangchuang Yu and David Smith and Huachen Zhu and Yi Guan and Tommy Tsan-Yuk Lam},
  year = {2017},
  journal = {Methods in Ecology and Evolution},
  volume = {8},
  issue = {1},
  pages = {28-36},
  doi = {10.1111/2041-210X.12628},
  url = {http://onlinelibrary.wiley.com/doi/10.1111/2041-210X.12628/abstract}
}
@Manual{Yu2020,
  title = {tidytree: A Tidy Tool for Phylogenetic Tree Data Manipulation},
  author = {Guangchuang Yu},
  year = {2020},
  note = {R package version 0.3.3},
  url = {https://CRAN.R-project.org/package=tidytree}
}
@article{Segata2011,
  author = {Segata, N. and Izard, J. and Waldron, L. and Gevers, D. and Miropolsky, L. and Garrett, W.S. and Huttenhower, C.},
  title = {Metagenomic biomarker discovery and explanation},
  year = {2011},
  journal = {Genome Biology},
  volume = {12},
  pages = {R60},
  doi = {10.1186/gb-2011-12-6-r60}
}