@article{Wang2007,
   author={Wang, Qiong and Garrity, George M. and Tiedje, James M. and Cole, James R.},
   title={Na√Øve {Bayesian} classifier for rapid assignment of {rRNA} sequences into the new bacterial taxonomy},
   journal={Applied and Environmental Microbiology},
   volume={73},
   number={16},
   pages={5261-5267},
   year={2007},
   doi={10.1128/AEM.00062-07}
}
@dataset{Callahan2018,
  author       = {Callahan, Benjamin},
  title        = {{Silva taxonomic training data formatted for DADA2 
                   (Silva version 132)}},
  month        = feb,
  year         = 2018,
  publisher    = {Zenodo},
  doi          = {10.5281/zenodo.1172783},
  url          = {https://doi.org/10.5281/zenodo.1172783}
}