@article{Segata2011,
  author = {Segata, N. and Izard, J. and Waldron, L. and Gevers, D. and Miropolsky, L. and Garrett, W.S. and Huttenhower, C.},
  title = {Metagenomic biomarker discovery and explanation},
  year = {2011},
  journal = {Genome Biology},
  volume = {12},
  pages = {R60},
  doi = {10.1186/gb-2011-12-6-r60}
}
@book{Legendre2012,
  author = {Legendre, Pierre and Legendre, Louis},
  title = {Numerical ecology},
  year = {2012},
  publisher = {Elsevier},
  address = {Amsterdam},
  isbn = {0-444-89249-4}
}
