@article{McMurdie2014,
    author = {McMurdie, Paul J. AND Holmes, Susan},
    journal = {PLOS Computational Biology},
    title = {Waste Not, Want Not: Why Rarefying Microbiome Data Is Inadmissible},
    year = {2014},
    month = {04},
    volume = {10},
    url = {https://doi.org/10.1371/journal.pcbi.1003531},
    pages = {1-12},
    number = {4},
    doi = {10.1371/journal.pcbi.1003531}
}
@article{McMurdie2013,
    author = {McMurdie, Paul J. AND Holmes, Susan},
    journal = {PLOS ONE},
    publisher = {Public Library of Science},
    title = {phyloseq: An R Package for Reproducible Interactive Analysis and Graphics of Microbiome Census Data},
    year = {2013},
    month = {04},
    volume = {8},
    url = {https://doi.org/10.1371/journal.pone.0061217},
    pages = {1-11},
    number = {4},
    doi = {10.1371/journal.pone.0061217}
}
@article{Love2014,
    author = {Love, Michael I. and Huber, Wolfgang and Anders, Simon},
    journal = {Genome Biology},
    title = {Moderated estimation of fold change and dispersion for {RNA}-seq data with {DESeq2}},
    year = {2014},
    volume = {15},
    pages = {550},
    doi = {https://doi.org/10.1186/s13059-014-0550-8}
}
@article{Anders2010,
    title = {Differential expression analysis for sequence count data},
    author = {Anders, Simon and Huber, Wolfgang},
    journal = {Genome Biology},
    year = {2010},
    volume = {11},
    pages = {R106},
    doi = {https://doi.org/10.1186/gb-2010-11-10-r106}
}
@article{Lu2005,
    title = {Identifying differential expression in multiple {SAGE} libraries: an overdispersed log-linear model approach},
    author = {Lu, Jun and Tomfohr, John K. and Kepler, Thomas B.},
    year = {2005},
    journal = {BMC Bioinformatics},
    volume = {6},
    pages = {165},
    doi = {https://doi.org/10.1186/1471-2105-6-165}
}
@article{Quinn2019,
    author = {Quinn, Thomas P and Erb, Ionas and Gloor, Greg and Notredame, Cedric and Richardson, Mark F and Crowley, Tamsyn M},
    title = "{A field guide for the compositional analysis of any-omics data}",
    journal = {GigaScience},
    volume = {8},
    number = {9},
    year = {2019},
    doi = {10.1093/gigascience/giz107}
}