@article{Tamas2001,
  author = {Tamás, Júlia and Podani, János and Csontos, Péter},
  title = {An extension of presence/absence coefficients to abundance data: a new look at absence},
  journal = {Journal of Vegetation Science},
  volume = {12},
  number = {3},
  pages = {401-410},
  doi = {10.2307/3236854},
  year = {2001}
}
@article{Ricotta2017,
  author = {Ricotta, C. and Podani, J.},
  title = {On some properties of the {Bray-Curtis} dissimilarity and their ecological meaning},
  journal = {Ecological Complexity},
  year = {2017},
  volume = {31},
  pages = {201-2015},
  doi = {10.1016/j.ecocom.2017.07.003}
}
@article{Anderson2004,
  title = {Spatial variation and effects of habitat on temperate reef fish assemblages in northeastern {New Zealand}},
  journal = {Journal of Experimental Marine Biology and Ecology},
  volume = {305},
  number = {2},
  pages = {191 - 221},
  year = {2004},
  doi = {10.1016/j.jembe.2003.12.011},
  author = {Marti J. Anderson and Russell B. Millar}
}
@article{Rosas2018,
  title = {Rifampicin treatment of {Blattella germanica} evidences a fecal transmission route of their gut microbiota},
  author = {Rosas, Tania and García-Ferris, Carlos and Domínguez-Santos, Rebeca and Llop, Pablo and Latorre, Amparo and Moya, Andrés},
  journal = {FEMS Microbiology Ecology},
  volume = {94},
  number = {2},
  pages = {fiy002},
  year = {2018},
  doi = {10.1093/femsec/fiy002}
}
@article{PerezCobas2015,
    author = {Pérez-Cobas, Ana Elena and Maiques, Elisa and Angelova, Alexandra and Carrasco, Purificación and Moya, Andrés and Latorre, Amparo},
    title = {Diet shapes the gut microbiota of the omnivorous cockroach {Blattella} germanica},
    journal = {FEMS Microbiology Ecology},
    volume = {91},
    number = {4},
    year = {2015},
    doi = {10.1093/femsec/fiv022}
}
@article{Legendre2001,
  author = {Legendre, Pierre and Gallagher, Eugene D.},
  title = {Ecologically meaningful transformations for ordination of species data},
  journal = {Oecologia},
  year = {2001},
  volume = {129},
  pages = {271-280},
  doi = {10.1007/s004420100716}
}
@article{Paliy2016,
  author = {Paliy, O. and Shankar, V.},
  title = {Application of multivariate statistical techniques in microbial ecology},
  year = {2016},
  journal = {Molecular Ecology},
  volume = {25},
  pages = {1032-1057},
  doi = {10.1111/mec.13536}
}
@article{Zhang2012,
  author = {Zhang, Chenhong and Zhang, Menghui and Pang, Xiaoyan and Zhao, Yufeng and Wang, Linghua and Zhao, Liping},
  year = {2012},
  title = {Structural resilience of the gut microbiota in adult mice under high-fat dietary perturbations},
  journal = {ISME J.},
  number = {6},
  pages = {1848-1857},
  doi = {10.1038/ismej.2012.27}
}
@book{Legendre2012,
  author = {Legendre, Pierre and Legendre, Louis},
  title = {Numerical ecology},
  year = {2012},
  publisher = {Elsevier},
  address = {Amsterdam},
  isbn = {0-444-89249-4}
}
@article{Faith1983,
  author = {Faith, Daniel P.},
  title = {Asymmetric binary similarity measures},
  year = {1983},
  journal = {Oecologia},
  volume = {57},
  pages = {287-290},
  doi = {10.1007/BF00377169}
}