@article{Callahan2016,
   title={Bioconductor Workflow for Microbiome Data Analysis: from raw reads to community analyses},
   note={[version 2; peer review: 3 approved]},
   author={Callahan, B.J. and Sankaran, K. and Fukuyama, J.A. and McMurdie, P.J. and Holmes, S.P.},
   journal={F1000Research},
   year={2016},
   volume={5},
   pages={1492},
   doi={https://doi.org/10.12688/f1000research.8986.2}
}
@article{Schliep211,
  title = {phangorn: phylogenetic analysis in R},
  author = {K.P. Schliep},
  journal = {Bioinformatics},
  year = {2011},
  volume = {27},
  number = {4},
  pages = {592--593},
  url = {https://doi.org/10.1093/bioinformatics/btq706}
}
@article{Kembel2010,
  title = {Picante: {R} tools for integrating phylogenies and ecology},
  author = {S.W. Kembel and P.D. Cowan and M.R. Helmus and W.K. Cornwell and H. Morlon and D.D. Ackerly and S.P. Blomberg and C.O. Webb},
  journal = {Bioinformatics},
  volume = {26},
  pages = {1463--1464},
  year = {2010}
}