@Manual{Oksanen2019,
    title = {vegan: Community Ecology Package},
    author = {Jari Oksanen and F. Guillaume Blanchet and Michael Friendly and Roeland Kindt and Pierre Legendre and Dan McGlinn and Peter R. Minchin and R. B. O'Hara and Gavin L. Simpson and Peter Solymos and M. Henry H. Stevens and Eduard Szoecs and Helene Wagner},
    year = {2019},
    note = {R package version 2.5-6},
    url = {https://CRAN.R-project.org/package=vegan}
}
@article{Anderson2006,
  title = {Distance-based tests for homogeneity of multivariate dispersions},
  author = {Anderson, Marti J.},
  journal = {Biometrics},
  volume = {62},
  pages = {245-253},
  doi = {10.1111/j.1541-0420.2005.00440.x}
}
@article{Graham2008,
  author = {Graham, Catherine H. and Fine, Paul V. A.},
  title = {Phylogenetic beta diversity: linking ecological and evolutionary processes across space in time},
  journal = {Ecology Letters},
  volume = {11},
  number = {12},
  pages = {1265-1277},
  doi = {10.1111/j.1461-0248.2008.01256.x},
  year = {2008}
}
@article{McArdle2001,
  author = {McArdle, Brian H. and Anderson, Marti J.},
  title = {Fitting multivariate models to community data: a comment on distance-based redundancy analysis},
  journal = {Ecology},
  volume = {82},
  number = {1},
  pages = {290-297},
  doi = {10.1890/0012-9658(2001)082[0290:FMMTCD]2.0.CO;2},
  year = {2001}
}
